<record><leader>00000cas a2200000 a 4500</leader><controlfield tag="001">31384177</controlfield><controlfield tag="008">941031d19131917azuwr ne      0   a0eng d</controlfield><datafield ind1=" " ind2=" " tag="010"><subfield code="a">sn 94050532 </subfield></datafield><datafield ind1=" " ind2=" " tag="040"><subfield code="a">ANN</subfield><subfield code="b">eng</subfield><subfield code="c">ANN</subfield><subfield code="d">OCLCQ</subfield><subfield code="d">OCLCF</subfield><subfield code="d">OCLCO</subfield></datafield><datafield ind1="1" ind2=" " tag="029"><subfield code="a">AU@</subfield><subfield code="b">000011370365</subfield></datafield><datafield ind1=" " ind2=" " tag="042"><subfield code="a">msc</subfield></datafield><datafield ind1=" " ind2=" " tag="043"><subfield code="a">n-us-az</subfield></datafield><datafield ind1="0" ind2=" " tag="130"><subfield code="a">Bulletin (Casa Grande. Ariz. : 1913)</subfield></datafield><datafield ind1="1" ind2="4" tag="245"><subfield code="a">The Bulletin.</subfield></datafield><datafield ind1="1" ind2="7" tag="246"><subfield code="a">Casa Grande bulletin</subfield></datafield><datafield ind1=" " ind2=" " tag="260"><subfield code="a">Casa Grande, Ariz. :</subfield><subfield code="b">Bulletin Publicity Co.,</subfield><subfield code="c">1913-1917.</subfield></datafield><datafield ind1=" " ind2=" " tag="300"><subfield code="a">v. :</subfield><subfield code="b">ill.</subfield></datafield><datafield ind1=" " ind2=" " tag="310"><subfield code="a">Weekly</subfield></datafield><datafield ind1="0" ind2=" " tag="362"><subfield code="a">Vol. 1, no. 1 (Sept. 11, 1913)-v. 4, no. 43 (June 30, 1917).</subfield></datafield><datafield ind1=" " ind2=" " tag="500"><subfield code="a">Proprietors: Healy and Hammer, 1913-1914; Ted Healy, 1914-1917.</subfield></datafield><datafield ind1=" " ind2=" " tag="580"><subfield code="a">Merged with: Casa Grande Valley dispatch and Casa Grande times, to form: Casa Grande Valley dispatch and the bulletin (Casa Grande, Ariz. : 1917).</subfield></datafield><datafield ind1=" " ind2="0" tag="651"><subfield code="a">Casa Grande (Ariz.)</subfield><subfield code="v">Newspapers.</subfield></datafield><datafield ind1=" " ind2="0" tag="651"><subfield code="a">Pinal County (Ariz.)</subfield><subfield code="v">Newspapers.</subfield></datafield><datafield ind1=" " ind2="7" tag="655"><subfield code="a">Newspapers.</subfield><subfield code="2">fast</subfield><subfield code="0">(OCoLC)fst01423814</subfield></datafield><datafield ind1=" " ind2="7" tag="651"><subfield code="a">Arizona</subfield><subfield code="z">Casa Grande.</subfield><subfield code="2">fast</subfield><subfield code="0">(OCoLC)fst01221741</subfield></datafield><datafield ind1=" " ind2="7" tag="651"><subfield code="a">Arizona</subfield><subfield code="z">Pinal County.</subfield><subfield code="2">fast</subfield><subfield code="0">(OCoLC)fst01206040</subfield></datafield><datafield ind1=" " ind2=" " tag="752"><subfield code="a">United States</subfield><subfield code="b">Arizona</subfield><subfield code="c">Pinal</subfield><subfield code="d">Casa Grande.</subfield></datafield><datafield ind1="1" ind2="7" tag="785"><subfield code="t">Casa Grande Valley dispatch and Casa Grande times</subfield><subfield code="w">(DLC)sn 94050531</subfield></datafield><datafield ind1="1" ind2="7" tag="785"><subfield code="t">Casa Grande Valley dispatch and the bulletin (Casa Grande, Ariz. : 1917)</subfield><subfield code="w">(DLC)sn 94050533</subfield></datafield></record>